@book{book2015,
	author = {Andy Great},
	title = {This is the book title},
	publisher = {This is the name of the publisher},
	year = {2015}
}

@inproceedings{conf,
    author = {Frank Author and Simon Author and Peter Author},
    title = {This is the title of a conference paper},
    booktitle = {This is the title of the proceedings/conference},
    pages = {1--100},
    year = {2015}
 }   

@article{article,
   author = {Max Power},
   title = {This is the title of a journal article},
   journal = {This is the name of the journal},
   volume = {8},
   number = {1},
   pages = {2--3},
   year = {2015}
}

@book{ProbabilisticRobotics,
	author = {S. Thrun and W. Burgard and D. Fox},
	title = {Probabilistic Robotics},
	publisher = {The MIT Press},
	year = {2006}
}

@inproceedings{Doucet,
	author = {A. Doucet and J. de Freitas and K. Murphy and S. Rusel},
	title = {Rao-Blackwellized particle filtering for dynamic Bayesian networks},
	booktitle = {Conf. Uncertainty Artif. Intell. Stanford, CA},
	pages = {173--186},
	year = {2000}
}

@inproceedings{Murphy,
	author = {K. Murphy},
	title = {Bayesian map learning in dynamic environmnets},
	booktitle = {Conf. Neural Inf. Process. Syst. Denver, CO},
	pages = {1015--1021},
	year = {1999}
}  

@book{Weights,
	author = {A. Doucet and N. de Freitas and N. Gordan},
	title = {Sequential Monte-Carlo Methods in Practice},
	publisher = {Springer-verlag},
	year = {2001}
}    

@inproceedings{Cyrill,
	author = {G. Grisetti and C. Stachniss and W. Burgard},
	title = {Improved Techniques For Grid Mapping With Rao-Blackwellized Particle Filters},
	booktitle = {IEEE Trans. Robot.},
	year = {2007}
}   

@article{optimal_proposal,
	author = {A. Doucet},
	title = {On sequential simulation-based methods for Bayesian filtering},
	journal = {Univ. Cambridge, Dept. Eng., Signal process. Group, cambridge, UK},
	year = {1998}
}

@inproceedings{Liu,
	author = {J. liul},
	title = {Metropolized independant sampling  with comparisons to rejection sampling and importance sampling},
	booktitle = {Statist. Comput., vol 6},
	pages = {113--119},
	year = {1996}
}

@book{Carmen,
	author = {M. Montemerlo and N. Roy and D. Hahnel and S. Thrun and C. Stachniss and J. Glover},
	title = {CARMEN - The Carnegie Mellon Robot Navigation Toolkit},
	publisher = {[Online] http://carmen.sourceforge.net},
	year = {2002}
}   
  